@String(PAMI = {IEEE Trans. Pattern Anal. Mach. Intell.})
@String(IJCV = {Int. J. Comput. Vis.})
@String(CVPR= {IEEE Conf. Comput. Vis. Pattern Recog.})
@String(ICCV= {Int. Conf. Comput. Vis.})
@String(ECCV= {Eur. Conf. Comput. Vis.})
@String(NIPS= {Adv. Neural Inform. Process. Syst.})
@String(ICPR = {Int. Conf. Pattern Recog.})
@String(BMVC= {Brit. Mach. Vis. Conf.})
@String(TOG= {ACM Trans. Graph.})
@String(TIP  = {IEEE Trans. Image Process.})
@String(TVCG  = {IEEE Trans. Vis. Comput. Graph.})
@String(TMM  = {IEEE Trans. Multimedia})
@String(ACMMM= {ACM Int. Conf. Multimedia})
@String(ICME = {Int. Conf. Multimedia and Expo})
@String(ICASSP=	{ICASSP})
@String(ICIP = {IEEE Int. Conf. Image Process.})
@String(ACCV  = {ACCV})
@String(ICLR = {Int. Conf. Learn. Represent.})
@String(IJCAI = {IJCAI})
@String(PR   = {Pattern Recognition})
@String(AAAI = {AAAI})
@String(CVPRW= {IEEE Conf. Comput. Vis. Pattern Recog. Worksh.})
@String(CSVT = {IEEE Trans. Circuit Syst. Video Technol.})

@String(SPL	= {IEEE Sign. Process. Letters})
@String(VR   = {Vis. Res.})
@String(JOV	 = {J. Vis.})
@String(TVC  = {The Vis. Comput.})
@String(JCST  = {J. Comput. Sci. Tech.})
@String(CGF  = {Comput. Graph. Forum})
@String(CVM = {Computational Visual Media})


@String(PAMI  = {IEEE TPAMI})
@String(IJCV  = {IJCV})
@String(CVPR  = {CVPR})
@String(ICCV  = {ICCV})
@String(ECCV  = {ECCV})
@String(NIPS  = {NeurIPS})
@String(ICPR  = {ICPR})
@String(BMVC  =	{BMVC})
@String(TOG   = {ACM TOG})
@String(TIP   = {IEEE TIP})
@String(TVCG  = {IEEE TVCG})
@String(TCSVT = {IEEE TCSVT})
@String(TMM   =	{IEEE TMM})
@String(ACMMM = {ACM MM})
@String(ICME  =	{ICME})
@String(ICASSP=	{ICASSP})
@String(ICIP  = {ICIP})
@String(ACCV  = {ACCV})
@String(ICLR  = {ICLR})
@String(IJCAI = {IJCAI})
@String(PR = {PR})
@String(AAAI = {AAAI})
@String(CVPRW= {CVPRW})
@String(CSVT = {IEEE TCSVT})


@article{ImageNet,
  author    = {Olga Russakovsky and
               Jia Deng and
               Hao Su and
               Jonathan Krause and
               Sanjeev Satheesh and
               Sean Ma and
               Zhiheng Huang and
               Andrej Karpathy and
               Aditya Khosla and
               Michael S. Bernstein and
               Alexander C. Berg and
               Li Fei{-}Fei},
  title     = {ImageNet Large Scale Visual Recognition Challenge},
  journal   = {Int. J. Comput. Vis.},
  volume    = {115},
  number    = {3},
  pages     = {211--252},
  year      = {2015},
  url       = {https://doi.org/10.1007/s11263-015-0816-y},
  doi       = {10.1007/s11263-015-0816-y},
  timestamp = {Sun, 02 Oct 2022 15:37:22 +0200},
  biburl    = {https://dblp.org/rec/journals/ijcv/RussakovskyDSKS15.bib},
  bibsource = {dblp computer science bibliography, https://dblp.org}
}

@inproceedings{PaQ-2-PiQ,
  author    = {Zhenqiang Ying and
               Haoran Niu and
               Praful Gupta and
               Dhruv Mahajan and
               Deepti Ghadiyaram and
               Alan C. Bovik},
  title     = {From Patches to Pictures (PaQ-2-PiQ): Mapping the Perceptual Space
               of Picture Quality},
  booktitle = {2020 {IEEE/CVF} Conference on Computer Vision and Pattern Recognition,
               {CVPR} 2020, Seattle, WA, USA, June 13-19, 2020},
  pages     = {3572--3582},
  publisher = {Computer Vision Foundation / {IEEE}},
  year      = {2020},
  url       = {https://openaccess.thecvf.com/content\_CVPR\_2020/html/Ying\_From\_Patches\_to\_Pictures\_PaQ-2-PiQ\_Mapping\_the\_Perceptual\_Space\_of\_CVPR\_2020\_paper.html},
  doi       = {10.1109/CVPR42600.2020.00363},
  timestamp = {Tue, 31 Aug 2021 14:00:04 +0200},
  biburl    = {https://dblp.org/rec/conf/cvpr/YingNGMGB20.bib},
  bibsource = {dblp computer science bibliography, https://dblp.org}
}

@article{NSS,
  title={Contributions of ideal observer theory to vision research},
  author={Geisler, Wilson S},
  journal={Vision research},
  volume={51},
  number={7},
  pages={771--781},
  year={2011},
  publisher={Elsevier}
}

@ARTICLE{DIIVINE,
  author={Moorthy, Anush Krishna and Bovik, Alan Conrad},
  journal={IEEE Transactions on Image Processing}, 
  title={Blind Image Quality Assessment: From Natural Scene Statistics to Perceptual Quality}, 
  year={2011},
  volume={20},
  number={12},
  pages={3350-3364},
  doi={10.1109/TIP.2011.2147325}}

@article{BRISUQE,
  author    = {Anish Mittal and
               Anush Krishna Moorthy and
               Alan Conrad Bovik},
  title     = {No-Reference Image Quality Assessment in the Spatial Domain},
  journal   = {{IEEE} Trans. Image Process.},
  volume    = {21},
  number    = {12},
  pages     = {4695--4708},
  year      = {2012},
  url       = {https://doi.org/10.1109/TIP.2012.2214050},
  doi       = {10.1109/TIP.2012.2214050},
  timestamp = {Sun, 10 May 2020 21:20:50 +0200},
  biburl    = {https://dblp.org/rec/journals/tip/MittalMB12.bib},
  bibsource = {dblp computer science bibliography, https://dblp.org}
}

@article{NIQE,
  author    = {Anish Mittal and
               Rajiv Soundararajan and
               Alan C. Bovik},
  title     = {Making a "Completely Blind" Image Quality Analyzer},
  journal   = {{IEEE} Signal Process. Lett.},
  volume    = {20},
  number    = {3},
  pages     = {209--212},
  year      = {2013},
  url       = {https://doi.org/10.1109/LSP.2012.2227726},
  doi       = {10.1109/LSP.2012.2227726},
  timestamp = {Wed, 14 Nov 2018 10:48:08 +0100},
  biburl    = {https://dblp.org/rec/journals/spl/MittalSB13.bib},
  bibsource = {dblp computer science bibliography, https://dblp.org}
}

@inproceedings{ResNet,
  author    = {Kaiming He and
               Xiangyu Zhang and
               Shaoqing Ren and
               Jian Sun},
  title     = {Deep Residual Learning for Image Recognition},
  booktitle = {2016 {IEEE} Conference on Computer Vision and Pattern Recognition,
               {CVPR} 2016, Las Vegas, NV, USA, June 27-30, 2016},
  pages     = {770--778},
  publisher = {{IEEE} Computer Society},
  year      = {2016},
  url       = {https://doi.org/10.1109/CVPR.2016.90},
  doi       = {10.1109/CVPR.2016.90},
  timestamp = {Wed, 16 Oct 2019 14:14:50 +0200},
  biburl    = {https://dblp.org/rec/conf/cvpr/HeZRS16.bib},
  bibsource = {dblp computer science bibliography, https://dblp.org}
}

@inproceedings{InceptionNet,
  author    = {Christian Szegedy and
               Wei Liu and
               Yangqing Jia and
               Pierre Sermanet and
               Scott E. Reed and
               Dragomir Anguelov and
               Dumitru Erhan and
               Vincent Vanhoucke and
               Andrew Rabinovich},
  title     = {Going deeper with convolutions},
  booktitle = {{IEEE} Conference on Computer Vision and Pattern Recognition, {CVPR}
               2015, Boston, MA, USA, June 7-12, 2015},
  pages     = {1--9},
  publisher = {{IEEE} Computer Society},
  year      = {2015},
  url       = {https://doi.org/10.1109/CVPR.2015.7298594},
  doi       = {10.1109/CVPR.2015.7298594},
  timestamp = {Wed, 16 Oct 2019 14:14:50 +0200},
  biburl    = {https://dblp.org/rec/conf/cvpr/SzegedyLJSRAEVR15.bib},
  bibsource = {dblp computer science bibliography, https://dblp.org}
}

@inproceedings{DodgeK16,
  author    = {Samuel F. Dodge and
               Lina J. Karam},
  title     = {Understanding how image quality affects deep neural networks},
  booktitle = {Eighth International Conference on Quality of Multimedia Experience,
               QoMEX 2016, Lisbon, Portugal, June 6-8, 2016},
  pages     = {1--6},
  publisher = {{IEEE}},
  year      = {2016},
  url       = {https://doi.org/10.1109/QoMEX.2016.7498955},
  doi       = {10.1109/QoMEX.2016.7498955},
  timestamp = {Sat, 09 Apr 2022 12:41:40 +0200},
  biburl    = {https://dblp.org/rec/conf/qomex/DodgeK16.bib},
  bibsource = {dblp computer science bibliography, https://dblp.org}
}

@misc{
akbiyik2020data,
title={Data Augmentation in Training {\{}CNN{\}}s: Injecting Noise to Images},
author={Murtaza Eren Akbiyik},
year={2020},
url={https://openreview.net/forum?id=SkeKtyHYPS}
}

@INPROCEEDINGS{mit-indoor-scenes,  author={Quattoni, Ariadna and Torralba, Antonio},  booktitle={2009 IEEE Conference on Computer Vision and Pattern Recognition},   title={Recognizing indoor scenes},   year={2009},  volume={},  number={},  pages={413-420},  doi={10.1109/CVPR.2009.5206537}}